%%%GOLDSILVER%%%

@online{goldsilver_ep1,
    year = "2013",                                                 
    author = "M. Maloney",                                          
    title = "{Hidden Secrets of Money Episode 1: Currency versus Money}",     
    note = "retrieved from GoldSilver; \url{https://goldsilver.com/hidden-secrets/episode-1/}",                
    keywords = "currency,money"
}

@online{goldsilver_ep2,
    year = "2013",
    author = "M. Maloney",
    title = "Episode 2: The 7 Stages of Empire",
    url  = "https://goldsilver.com/hidden-secrets/episode-2/",
    addendum = "(accessed: 10-02-2017)",
    keywords = "currency,money,monetary policy"
}

@online{goldsilver_ep3,
    year = "2013",
    author = "M. Maloney",
    title = "Episode 3: From Dollar Crisis to Golden Opportunity",
    url  = "https://goldsilver.com/hidden-secrets/episode-3/",
    addendum = "(accessed: 10-02-2017)",
    keywords = "currency,money,monetary policy"
} 

@online{goldsilver_ep4,
    year = "2013",
    author = "M. Maloney",
    title = "Episode 4: The Biggest Scam in the History Of Mankind (in 7 Easy Steps)",
    url  = "https://goldsilver.com/hidden-secrets/episode-4/",
    addendum = "(accessed: 11-02-2017)",
    keywords = "monetary policy, QE"
}

@online{goldsilver_ep5,
    year = "2013",
    author = "M. Maloney",
    title = "{Hidden Secrets of Money Episode 5: Rise of Hitler Was Economics}",
    note = "retrieved from GoldSilver; \url{https://goldsilver.com/hidden-secrets/episode-5/}",
    keywords = "economics, empire"
}

@online{goldsilver_ep6,
    year = "2015",
    author = "M. Maloney",
    title = "Episode 6: The Rollercoaster Crash",
    url  = "https://goldsilver.com/hidden-secrets/episode-6/",
    addendum = "(accessed: 12-02-2017)",
    keywords = "currency,money,monetary policy"
} 

@online{goldsilver_ep7,
    year = "2016",
    author = "M. Maloney",
    title = "Episode 7: The USA's Day of Reckoning",
    url  = "https://goldsilver.com/hidden-secrets/episode-7/",
    addendum = "(accessed: 12-12-2017)",
    keywords = "currency,money"
}

@online{goldsilver_ep8,
    year = "2017",
    author = "M. Maloney",
    title = "Episode 8: The Crypto Revolution",
    url  = "https://goldsilver.com/hidden-secrets/episode-8/",
    addendum = "(accessed: 18-12-2017)",
    keywords = "cryptocurrency,blockchain"
}

@online{goldsilver_ep9,
    year = "2018",
    author = "M. Maloney",
    title = "Episode 9: Fall of Empires: Rome vs USA",
    url  = "https://goldsilver.com/hidden-secrets/episode-9/",
    addendum = "(accessed: 01-11-2018)",
    keywords = "empire,currency,money,monetary policy"
}

@online{goldsilver_ep10,
    year = "2018",
    author = "Mike Maloney",
    title = "Episode 10: American Bread \& Circus",
    url  = "https://goldsilver.com/hidden-secrets/episode-10/",
    addendum = "(accessed: 02-11-2018)",
    keywords = "currency,money,monetary policy"
} 

%%%FIAT TO ZERO%%%

@inbook{thebigreset,
    author = "Willem Middelkoop",
    booktitle = "{The Big Reset Revised Edition: War on Gold and the Financial Endgame}",
    year = "2016",
    publisher = "Amsterdam University Press",
    location = "Amsterdam",
    title = "{Appendix I - Demonetized Currencies (1700-2013)}",
    pages = "271-318",
    keywords = "fiat currency, worldwide monetary system, financial crisis"
}

%%%BUSINESSINSIDER%%%

@online{weimarhyperinflation,
    year = "2013",
    author = "Matthew Boesler",
    title = "{Weimar: the truth about history's most infamous hyperinflation horror story}",
    note = "retrieved from Business Insider; \url{https://www.businessinsider.com/weimar-germany-hyperinflation-explained-2013-9}",
    keywords = "currency,money,monetary policy"
}

@online{chinasocialscores,
    year = "2013",
    author = "Alexandra Ma",
    title = "{China has started ranking citizens with a creepy 'social credit' system}",
    note = "retrieved from Business Insider; \url{https://www.businessinsider.nl/china-social-credit-system-punishments-and-rewards-explained-2018-4/?international=true&r=US}",
    keywords = "currency,money,monetary policy"
    
}

%%%DATA%%%

@online{FRED,
    author = "{World Bank}",
    title = "{Central government debt, total (\% of GDP) for the United States}",
    year = "2020",
    note = "retrieved from FRED, Federal Reserve Bank of St. Louis; \url{https://fred.stlouisfed.org/series/DEBTTLUSA188A}",
    keywords = "currency,money,monetary policy"
}

@online{tradingeconomics,
    author = "{Trading Economics}",
    title = "{Inflation Rate - World}",
    year = "2020",
    note = "retrieved from Trading Economics; \url{https://tradingeconomics.com/}",
    keywords = "currency,money,monetary policy"
}

@online{mauldineconomics,
    author = "{Mauldin Economics}",
    title = "{Everything bubble}",
    year = "2020",
    note = "retrieved from Mauldin Economics; \url{https://www.mauldineconomics.com/EDITORIAL/infographic-the-everything-bubble-is-ready-to-pop}",
    keywords = "currency,money,monetary policy"
}

@online{TokenInsight2018,
	author = "TokenInsight",
	title = "{Cryptocurrency Exchange Annual Report}",
	year = "2018",
    note = "retrieved from TokenInsight;
        \url{https://tokeninsight.com}",
}


%%%BTC%%%

@book{bitcoinstandard,
    author = "Ammous Saifedean",
    title = "{The Bitcoin Standard: The Decentralized Alternative to Central Banking}",
    year = "2018",
    publisher = " Wiley \& Sons, Inc",
    location = "Hoboken, New Jersey",
    keywords = "fiat currency, worldwide monetary system, financial crisis"
}

%%%IMF%%%

@article{IMF_F&D,
	author = {IMF},
	title = "{Money, Transformed. The future of currency in a digital world}",
	year = {2018},
	journaltitle = {Future \& Development},
	volume = {Volume 55},
	number = {Number 2},
	note = {retrieved from International Monetary Fund; \url{https://www.imf.org/external/pubs/ft/fandd/2018/06/pdf/fd0618.pdf}},
}


@online{Ethos3,
	author = "Ethos",
	title = "{What are Cryptocurrency Wallets, Private Keys and Addresses}",
	year = "2018",
    note = "retrieved from Ethos;
    \url{https://www.ethos.io/what-are-cryptocurrency-wallet-private-keys-addresses/}",
}


@online{threatmodelling,
	author = "Michael Carbone and Floriana Pagano",
	title = "{A First Look at Digital Security}",
	year = "2018",
    note = "retrieved from AccessNow;
        \url{https://www.accessnow.org/first-look-digital-security/}",
}
